@webpage{Duvander2013-2,
	Author = {Duvander, Adam},
	Date-Modified = {2016-10-28 02:00:14 +0000},
	Journal = {ProgrammableWeb},
	Title = {JSON's Eight Year Convergence With XML},
	Url = {http://www.programmableweb.com/news/jsons-eight-year-convergence-xml/2013/12/26},
	Urldate = {2016-10-2},
	Year = {2013},
	Bdsk-Url-1 = {http://www.programmableweb.com/news/jsons-eight-year-convergence-xml/2013/12/26}}

@webpage{Art2016,
	Author = {Art, Anthony},
	Date-Added = {2016-10-28 01:51:45 +0000},
	Date-Modified = {2016-10-28 01:53:25 +0000},
	Lastchecked = {2016-10-26},
	Read = {0},
	Title = {Tracking the Growth of the API Economy | Nordic APIs |},
	Url = {http://nordicapis.com/tracking-the-growth-of-the-api-economy/},
	Year = {2016}}